%YAML 1.1
%TAG !u! tag:unity3d.com,2011:
--- !u!1 &5491673637052450766
GameObject:
  m_ObjectHideFlags: 0
  m_CorrespondingSourceObject: {fileID: 0}
  m_PrefabInstance: {fileID: 0}
  m_PrefabAsset: {fileID: 0}
  serializedVersion: 6
  m_Component:
  - component: {fileID: 5491673637052450765}
  - component: {fileID: 5491673637052450763}
  - component: {fileID: 149494904}
  - component: {fileID: 149494905}
  - component: {fileID: 149494906}
  - component: {fileID: 4173602550533381138}
  - component: {fileID: 6913325857147225044}
  m_Layer: 18
  m_Name: PFB_WEAPON_Tentacle
  m_TagString: Untagged
  m_Icon: {fileID: -1412012063857583412, guid: 0000000000000000d000000000000000, type: 0}
  m_NavMeshLayer: 0
  m_StaticEditorFlags: 0
  m_IsActive: 1
--- !u!4 &5491673637052450765
Transform:
  m_ObjectHideFlags: 0
  m_CorrespondingSourceObject: {fileID: 0}
  m_PrefabInstance: {fileID: 0}
  m_PrefabAsset: {fileID: 0}
  m_GameObject: {fileID: 5491673637052450766}
  m_LocalRotation: {x: 0, y: 0, z: 0, w: 1}
  m_LocalPosition: {x: 0, y: 0, z: 0}
  m_LocalScale: {x: 1, y: 1, z: 1}
  m_Children: []
  m_Father: {fileID: 0}
  m_RootOrder: 0
  m_LocalEulerAnglesHint: {x: 0, y: 0, z: 0}
--- !u!212 &5491673637052450763
SpriteRenderer:
  m_ObjectHideFlags: 0
  m_CorrespondingSourceObject: {fileID: 0}
  m_PrefabInstance: {fileID: 0}
  m_PrefabAsset: {fileID: 0}
  m_GameObject: {fileID: 5491673637052450766}
  m_Enabled: 1
  m_CastShadows: 0
  m_ReceiveShadows: 0
  m_DynamicOccludee: 1
  m_MotionVectors: 1
  m_LightProbeUsage: 1
  m_ReflectionProbeUsage: 1
  m_RayTracingMode: 0
  m_RayTraceProcedural: 0
  m_RenderingLayerMask: 1
  m_RendererPriority: 0
  m_Materials:
  - {fileID: 10754, guid: 0000000000000000f000000000000000, type: 0}
  m_StaticBatchInfo:
    firstSubMesh: 0
    subMeshCount: 0
  m_StaticBatchRoot: {fileID: 0}
  m_ProbeAnchor: {fileID: 0}
  m_LightProbeVolumeOverride: {fileID: 0}
  m_ScaleInLightmap: 1
  m_ReceiveGI: 1
  m_PreserveUVs: 0
  m_IgnoreNormalsForChartDetection: 0
  m_ImportantGI: 0
  m_StitchLightmapSeams: 1
  m_SelectedEditorRenderState: 0
  m_MinimumChartSize: 4
  m_AutoUVMaxDistance: 0.5
  m_AutoUVMaxAngle: 89
  m_LightmapParameters: {fileID: 0}
  m_SortingLayerID: 1545375731
  m_SortingLayer: 6
  m_SortingOrder: 7
  m_Sprite: {fileID: 10905, guid: 0000000000000000f000000000000000, type: 0}
  m_Color: {r: 0.46672323, g: 0.2956197, b: 0.5754717, a: 1}
  m_FlipX: 0
  m_FlipY: 0
  m_DrawMode: 0
  m_Size: {x: 0.16, y: 0.16}
  m_AdaptiveModeThreshold: 0.5
  m_SpriteTileMode: 0
  m_WasSpriteAssigned: 1
  m_MaskInteraction: 0
  m_SpriteSortPoint: 0
--- !u!114 &149494904
MonoBehaviour:
  m_ObjectHideFlags: 0
  m_CorrespondingSourceObject: {fileID: 0}
  m_PrefabInstance: {fileID: 0}
  m_PrefabAsset: {fileID: 0}
  m_GameObject: {fileID: 5491673637052450766}
  m_Enabled: 1
  m_EditorHideFlags: 0
  m_Script: {fileID: 11500000, guid: c74db220f13f87840a3cb36c6389b14b, type: 3}
  m_Name: 
  m_EditorClassIdentifier: 
  attackrange: 1
  attackTime: 1
  chargetime: 0
  cooldown: 0
  displayName: 
  dmg: 0
  hideFromGamedesigners: 0
  opponents: []
  player: {fileID: 0}
  speed: 0
  stopsMovement: 0
  direction: {x: 0, y: 0}
  inversed: 0
  prefabBullet: {fileID: 0}
  hook: {fileID: 6134536428474054885, guid: e346d9561ca61fe4cb5ef2cfb2ab294c, type: 3}
  hookoptik: {fileID: 8586257570424813393, guid: a0a456d80e5afb045ae31f62f87ae856, type: 3}
  isScooting: 0
--- !u!114 &149494905
MonoBehaviour:
  m_ObjectHideFlags: 0
  m_CorrespondingSourceObject: {fileID: 0}
  m_PrefabInstance: {fileID: 0}
  m_PrefabAsset: {fileID: 0}
  m_GameObject: {fileID: 5491673637052450766}
  m_Enabled: 1
  m_EditorHideFlags: 0
  m_Script: {fileID: 11500000, guid: 7fb64aa719425c54cb8ea6de78b09630, type: 3}
  m_Name: 
  m_EditorClassIdentifier: 
  canShoot: 0
  player: {fileID: 0}
  playerGO: {fileID: 0}
  prefabDirectionalAttack: {fileID: 5491673637052450766}
  prefabDodgeAttack: {fileID: 5491673637052450766}
  prefabMeleeAttack: {fileID: 3900311593258119221, guid: 22fbbdc45c0586c42b712c7402b1e0e6, type: 3}
--- !u!114 &149494906
MonoBehaviour:
  m_ObjectHideFlags: 0
  m_CorrespondingSourceObject: {fileID: 0}
  m_PrefabInstance: {fileID: 0}
  m_PrefabAsset: {fileID: 0}
  m_GameObject: {fileID: 5491673637052450766}
  m_Enabled: 1
  m_EditorHideFlags: 0
  m_Script: {fileID: 11500000, guid: 4aabf5a66e9396940baf644c25eba7a3, type: 3}
  m_Name: 
  m_EditorClassIdentifier: 
  attackrange: 7
  attackTime: 1
  chargetime: 0
  cooldown: 0
  displayName: 
  dmg: 0
  hideFromGamedesigners: 0
  opponents: []
  player: {fileID: 0}
  speed: 7
  stopsMovement: 0
  endIndestructability: 0
  startIndestructability: 0
--- !u!50 &4173602550533381138
Rigidbody2D:
  serializedVersion: 4
  m_ObjectHideFlags: 0
  m_CorrespondingSourceObject: {fileID: 0}
  m_PrefabInstance: {fileID: 0}
  m_PrefabAsset: {fileID: 0}
  m_GameObject: {fileID: 5491673637052450766}
  m_BodyType: 1
  m_Simulated: 1
  m_UseFullKinematicContacts: 0
  m_UseAutoMass: 0
  m_Mass: 1
  m_LinearDrag: 0
  m_AngularDrag: 0.05
  m_GravityScale: 1
  m_Material: {fileID: 0}
  m_Interpolate: 0
  m_SleepingMode: 1
  m_CollisionDetection: 0
  m_Constraints: 0
--- !u!58 &6913325857147225044
CircleCollider2D:
  m_ObjectHideFlags: 0
  m_CorrespondingSourceObject: {fileID: 0}
  m_PrefabInstance: {fileID: 0}
  m_PrefabAsset: {fileID: 0}
  m_GameObject: {fileID: 5491673637052450766}
  m_Enabled: 1
  m_Density: 1
  m_Material: {fileID: 0}
  m_IsTrigger: 1
  m_UsedByEffector: 0
  m_UsedByComposite: 0
  m_Offset: {x: 0, y: 0}
  serializedVersion: 2
  m_Radius: 0.5
