%YAML 1.1
%TAG !u! tag:unity3d.com,2011:
--- !u!1 &5665330937328064623
GameObject:
  m_ObjectHideFlags: 0
  m_CorrespondingSourceObject: {fileID: 0}
  m_PrefabInstance: {fileID: 0}
  m_PrefabAsset: {fileID: 0}
  serializedVersion: 6
  m_Component:
  - component: {fileID: 5665330937328064622}
  - component: {fileID: 5665330937328064609}
  m_Layer: 23
  m_Name: GameObject
  m_TagString: Untagged
  m_Icon: {fileID: 0}
  m_NavMeshLayer: 0
  m_StaticEditorFlags: 0
  m_IsActive: 1
--- !u!4 &5665330937328064622
Transform:
  m_ObjectHideFlags: 0
  m_CorrespondingSourceObject: {fileID: 0}
  m_PrefabInstance: {fileID: 0}
  m_PrefabAsset: {fileID: 0}
  m_GameObject: {fileID: 5665330937328064623}
  m_LocalRotation: {x: -0, y: -0, z: 0.008553426, w: 0.99996346}
  m_LocalPosition: {x: 0.017001344, y: -0.06800003, z: 0}
  m_LocalScale: {x: 0.07043031, y: 0.07219742, z: 1}
  m_Children: []
  m_Father: {fileID: 5665330938218279893}
  m_RootOrder: 0
  m_LocalEulerAnglesHint: {x: 0, y: 0, z: 0.98}
--- !u!212 &5665330937328064609
SpriteRenderer:
  m_ObjectHideFlags: 0
  m_CorrespondingSourceObject: {fileID: 0}
  m_PrefabInstance: {fileID: 0}
  m_PrefabAsset: {fileID: 0}
  m_GameObject: {fileID: 5665330937328064623}
  m_Enabled: 1
  m_CastShadows: 0
  m_ReceiveShadows: 0
  m_DynamicOccludee: 1
  m_MotionVectors: 1
  m_LightProbeUsage: 1
  m_ReflectionProbeUsage: 1
  m_RayTracingMode: 0
  m_RayTraceProcedural: 0
  m_RenderingLayerMask: 1
  m_RendererPriority: 0
  m_Materials:
  - {fileID: 10754, guid: 0000000000000000f000000000000000, type: 0}
  m_StaticBatchInfo:
    firstSubMesh: 0
    subMeshCount: 0
  m_StaticBatchRoot: {fileID: 0}
  m_ProbeAnchor: {fileID: 0}
  m_LightProbeVolumeOverride: {fileID: 0}
  m_ScaleInLightmap: 1
  m_ReceiveGI: 1
  m_PreserveUVs: 0
  m_IgnoreNormalsForChartDetection: 0
  m_ImportantGI: 0
  m_StitchLightmapSeams: 1
  m_SelectedEditorRenderState: 0
  m_MinimumChartSize: 4
  m_AutoUVMaxDistance: 0.5
  m_AutoUVMaxAngle: 89
  m_LightmapParameters: {fileID: 0}
  m_SortingLayerID: 602744159
  m_SortingLayer: 7
  m_SortingOrder: 1
  m_Sprite: {fileID: 21300000, guid: 1490f5bb4d1adf148b9c65b318ab5384, type: 3}
  m_Color: {r: 1, g: 0.9483307, b: 0.31558657, a: 1}
  m_FlipX: 0
  m_FlipY: 0
  m_DrawMode: 0
  m_Size: {x: 4, y: 3}
  m_AdaptiveModeThreshold: 0.5
  m_SpriteTileMode: 0
  m_WasSpriteAssigned: 1
  m_MaskInteraction: 0
  m_SpriteSortPoint: 0
--- !u!1 &5665330938218279891
GameObject:
  m_ObjectHideFlags: 0
  m_CorrespondingSourceObject: {fileID: 0}
  m_PrefabInstance: {fileID: 0}
  m_PrefabAsset: {fileID: 0}
  serializedVersion: 6
  m_Component:
  - component: {fileID: 5665330938218279893}
  - component: {fileID: 5665330938218279890}
  - component: {fileID: 6794756511011832992}
  - component: {fileID: 6654860656892272602}
  m_Layer: 23
  m_Name: PFB_Shopkeeper_Floor4_Shop1
  m_TagString: Untagged
  m_Icon: {fileID: 0}
  m_NavMeshLayer: 0
  m_StaticEditorFlags: 0
  m_IsActive: 1
--- !u!4 &5665330938218279893
Transform:
  m_ObjectHideFlags: 0
  m_CorrespondingSourceObject: {fileID: 0}
  m_PrefabInstance: {fileID: 0}
  m_PrefabAsset: {fileID: 0}
  m_GameObject: {fileID: 5665330938218279891}
  m_LocalRotation: {x: 0, y: 0, z: 0, w: 1}
  m_LocalPosition: {x: 19.7, y: -40, z: 0}
  m_LocalScale: {x: 2.5, y: 2.5, z: 1}
  m_Children:
  - {fileID: 5665330937328064622}
  - {fileID: 1523215053413516394}
  - {fileID: 1439791275032071443}
  - {fileID: 139894707883886340}
  - {fileID: 6863322716228843900}
  m_Father: {fileID: 0}
  m_RootOrder: 0
  m_LocalEulerAnglesHint: {x: 0, y: 0, z: 0}
--- !u!212 &5665330938218279890
SpriteRenderer:
  m_ObjectHideFlags: 0
  m_CorrespondingSourceObject: {fileID: 0}
  m_PrefabInstance: {fileID: 0}
  m_PrefabAsset: {fileID: 0}
  m_GameObject: {fileID: 5665330938218279891}
  m_Enabled: 1
  m_CastShadows: 0
  m_ReceiveShadows: 0
  m_DynamicOccludee: 1
  m_MotionVectors: 1
  m_LightProbeUsage: 1
  m_ReflectionProbeUsage: 1
  m_RayTracingMode: 0
  m_RayTraceProcedural: 0
  m_RenderingLayerMask: 1
  m_RendererPriority: 0
  m_Materials:
  - {fileID: 10754, guid: 0000000000000000f000000000000000, type: 0}
  m_StaticBatchInfo:
    firstSubMesh: 0
    subMeshCount: 0
  m_StaticBatchRoot: {fileID: 0}
  m_ProbeAnchor: {fileID: 0}
  m_LightProbeVolumeOverride: {fileID: 0}
  m_ScaleInLightmap: 1
  m_ReceiveGI: 1
  m_PreserveUVs: 0
  m_IgnoreNormalsForChartDetection: 0
  m_ImportantGI: 0
  m_StitchLightmapSeams: 1
  m_SelectedEditorRenderState: 0
  m_MinimumChartSize: 4
  m_AutoUVMaxDistance: 0.5
  m_AutoUVMaxAngle: 89
  m_LightmapParameters: {fileID: 0}
  m_SortingLayerID: 602744159
  m_SortingLayer: 7
  m_SortingOrder: 0
  m_Sprite: {fileID: 21300000, guid: 24ff14fefbc881c4883bb231ca2bacc6, type: 3}
  m_Color: {r: 1, g: 1, b: 1, a: 1}
  m_FlipX: 0
  m_FlipY: 0
  m_DrawMode: 0
  m_Size: {x: 0.48, y: 0.5}
  m_AdaptiveModeThreshold: 0.5
  m_SpriteTileMode: 0
  m_WasSpriteAssigned: 1
  m_MaskInteraction: 0
  m_SpriteSortPoint: 0
--- !u!58 &6794756511011832992
CircleCollider2D:
  m_ObjectHideFlags: 0
  m_CorrespondingSourceObject: {fileID: 0}
  m_PrefabInstance: {fileID: 0}
  m_PrefabAsset: {fileID: 0}
  m_GameObject: {fileID: 5665330938218279891}
  m_Enabled: 1
  m_Density: 1
  m_Material: {fileID: 0}
  m_IsTrigger: 1
  m_UsedByEffector: 0
  m_UsedByComposite: 0
  m_Offset: {x: 0, y: 0}
  serializedVersion: 2
  m_Radius: 1
--- !u!114 &6654860656892272602
MonoBehaviour:
  m_ObjectHideFlags: 0
  m_CorrespondingSourceObject: {fileID: 0}
  m_PrefabInstance: {fileID: 0}
  m_PrefabAsset: {fileID: 0}
  m_GameObject: {fileID: 5665330938218279891}
  m_Enabled: 1
  m_EditorHideFlags: 0
  m_Script: {fileID: 11500000, guid: f7746b8ceb221ce41a42a04494319bf5, type: 3}
  m_Name: 
  m_EditorClassIdentifier: 
  serializationData:
    SerializedFormat: 2
    SerializedBytes: 
    ReferencedUnityObjects:
    - {fileID: 7934263352790259355}
    - {fileID: 178361567625936998, guid: 39fe3897cf0ca0245a819c85d798dc40, type: 3}
    - {fileID: 7549313869419995106}
    - {fileID: 178361567625936998, guid: 5da3fad712e4ef740b1e26299a781b09, type: 3}
    - {fileID: 8849193940418254325}
    - {fileID: 178361567625936998, guid: c90e60a1320b4a54f8d8b00ecb405ead, type: 3}
    - {fileID: 2594299728161893261}
    - {fileID: 178361567625936998, guid: 11e0fa7ce653ca84d8f339fe9827ce3f, type: 3}
    SerializedBytesString: 
    Prefab: {fileID: 0}
    PrefabModificationsReferencedUnityObjects: []
    PrefabModifications: []
    SerializationNodes:
    - Name: shopSpotsy
      Entry: 7
      Data: 0|System.Collections.Generic.Dictionary`2[[UnityEngine.GameObject, UnityEngine.CoreModule],[UnityEngine.GameObject,
        UnityEngine.CoreModule]], mscorlib
    - Name: comparer
      Entry: 7
      Data: 1|System.Collections.Generic.ObjectEqualityComparer`1[[UnityEngine.GameObject,
        UnityEngine.CoreModule]], mscorlib
    - Name: 
      Entry: 8
      Data: 
    - Name: 
      Entry: 12
      Data: 4
    - Name: 
      Entry: 7
      Data: 
    - Name: $k
      Entry: 10
      Data: 0
    - Name: $v
      Entry: 10
      Data: 1
    - Name: 
      Entry: 8
      Data: 
    - Name: 
      Entry: 7
      Data: 
    - Name: $k
      Entry: 10
      Data: 2
    - Name: $v
      Entry: 10
      Data: 3
    - Name: 
      Entry: 8
      Data: 
    - Name: 
      Entry: 7
      Data: 
    - Name: $k
      Entry: 10
      Data: 4
    - Name: $v
      Entry: 10
      Data: 5
    - Name: 
      Entry: 8
      Data: 
    - Name: 
      Entry: 7
      Data: 
    - Name: $k
      Entry: 10
      Data: 6
    - Name: $v
      Entry: 10
      Data: 7
    - Name: 
      Entry: 8
      Data: 
    - Name: 
      Entry: 13
      Data: 
    - Name: 
      Entry: 8
      Data: 
  DialogueList:
  - "\"danke f\xFCr den einkauf\""
  - '"sie haben nicht genug geld"'
  InteractionEnd:
    m_PersistentCalls:
      m_Calls: []
  InteractionStart:
    m_PersistentCalls:
      m_Calls: []
  pfbSpeechBubble: {fileID: 7932740711641724974, guid: 1e00d26b49e403e439f47a6871fb24e2, type: 3}
  startDialogIndex: 2
  pfbSchild: {fileID: 6134536428474054885, guid: e346d9561ca61fe4cb5ef2cfb2ab294c, type: 3}
--- !u!1001 &3415600705615499510
PrefabInstance:
  m_ObjectHideFlags: 0
  serializedVersion: 2
  m_Modification:
    m_TransformParent: {fileID: 5665330938218279893}
    m_Modifications:
    - target: {fileID: 3357336490868299762, guid: ed4b817e6d19b344eaa25d03f8464791, type: 3}
      propertyPath: m_RootOrder
      value: 3
      objectReference: {fileID: 0}
    - target: {fileID: 3357336490868299762, guid: ed4b817e6d19b344eaa25d03f8464791, type: 3}
      propertyPath: m_LocalScale.x
      value: 0.4
      objectReference: {fileID: 0}
    - target: {fileID: 3357336490868299762, guid: ed4b817e6d19b344eaa25d03f8464791, type: 3}
      propertyPath: m_LocalScale.y
      value: 0.4
      objectReference: {fileID: 0}
    - target: {fileID: 3357336490868299762, guid: ed4b817e6d19b344eaa25d03f8464791, type: 3}
      propertyPath: m_LocalPosition.x
      value: -0.624
      objectReference: {fileID: 0}
    - target: {fileID: 3357336490868299762, guid: ed4b817e6d19b344eaa25d03f8464791, type: 3}
      propertyPath: m_LocalPosition.y
      value: -0.344
      objectReference: {fileID: 0}
    - target: {fileID: 3357336490868299762, guid: ed4b817e6d19b344eaa25d03f8464791, type: 3}
      propertyPath: m_LocalPosition.z
      value: 0
      objectReference: {fileID: 0}
    - target: {fileID: 3357336490868299762, guid: ed4b817e6d19b344eaa25d03f8464791, type: 3}
      propertyPath: m_LocalRotation.w
      value: 1
      objectReference: {fileID: 0}
    - target: {fileID: 3357336490868299762, guid: ed4b817e6d19b344eaa25d03f8464791, type: 3}
      propertyPath: m_LocalRotation.x
      value: -0
      objectReference: {fileID: 0}
    - target: {fileID: 3357336490868299762, guid: ed4b817e6d19b344eaa25d03f8464791, type: 3}
      propertyPath: m_LocalRotation.y
      value: -0
      objectReference: {fileID: 0}
    - target: {fileID: 3357336490868299762, guid: ed4b817e6d19b344eaa25d03f8464791, type: 3}
      propertyPath: m_LocalRotation.z
      value: -0
      objectReference: {fileID: 0}
    - target: {fileID: 3357336490868299762, guid: ed4b817e6d19b344eaa25d03f8464791, type: 3}
      propertyPath: m_LocalEulerAnglesHint.x
      value: 0
      objectReference: {fileID: 0}
    - target: {fileID: 3357336490868299762, guid: ed4b817e6d19b344eaa25d03f8464791, type: 3}
      propertyPath: m_LocalEulerAnglesHint.y
      value: 0
      objectReference: {fileID: 0}
    - target: {fileID: 3357336490868299762, guid: ed4b817e6d19b344eaa25d03f8464791, type: 3}
      propertyPath: m_LocalEulerAnglesHint.z
      value: 0
      objectReference: {fileID: 0}
    - target: {fileID: 6172185205804254467, guid: ed4b817e6d19b344eaa25d03f8464791, type: 3}
      propertyPath: m_Icon
      value: 
      objectReference: {fileID: -964228994112308473, guid: 0000000000000000d000000000000000, type: 0}
    - target: {fileID: 6172185205804254467, guid: ed4b817e6d19b344eaa25d03f8464791, type: 3}
      propertyPath: m_Name
      value: PotionSpawnpoint (2)
      objectReference: {fileID: 0}
    m_RemovedComponents: []
  m_SourcePrefab: {fileID: 100100000, guid: ed4b817e6d19b344eaa25d03f8464791, type: 3}
--- !u!1 &8849193940418254325 stripped
GameObject:
  m_CorrespondingSourceObject: {fileID: 6172185205804254467, guid: ed4b817e6d19b344eaa25d03f8464791, type: 3}
  m_PrefabInstance: {fileID: 3415600705615499510}
  m_PrefabAsset: {fileID: 0}
--- !u!4 &139894707883886340 stripped
Transform:
  m_CorrespondingSourceObject: {fileID: 3357336490868299762, guid: ed4b817e6d19b344eaa25d03f8464791, type: 3}
  m_PrefabInstance: {fileID: 3415600705615499510}
  m_PrefabAsset: {fileID: 0}
--- !u!1001 &4302111671009465240
PrefabInstance:
  m_ObjectHideFlags: 0
  serializedVersion: 2
  m_Modification:
    m_TransformParent: {fileID: 5665330938218279893}
    m_Modifications:
    - target: {fileID: 3357336490868299762, guid: ed4b817e6d19b344eaa25d03f8464791, type: 3}
      propertyPath: m_RootOrder
      value: 1
      objectReference: {fileID: 0}
    - target: {fileID: 3357336490868299762, guid: ed4b817e6d19b344eaa25d03f8464791, type: 3}
      propertyPath: m_LocalScale.x
      value: 0.4
      objectReference: {fileID: 0}
    - target: {fileID: 3357336490868299762, guid: ed4b817e6d19b344eaa25d03f8464791, type: 3}
      propertyPath: m_LocalScale.y
      value: 0.4
      objectReference: {fileID: 0}
    - target: {fileID: 3357336490868299762, guid: ed4b817e6d19b344eaa25d03f8464791, type: 3}
      propertyPath: m_LocalPosition.x
      value: 0.143
      objectReference: {fileID: 0}
    - target: {fileID: 3357336490868299762, guid: ed4b817e6d19b344eaa25d03f8464791, type: 3}
      propertyPath: m_LocalPosition.y
      value: 0.859
      objectReference: {fileID: 0}
    - target: {fileID: 3357336490868299762, guid: ed4b817e6d19b344eaa25d03f8464791, type: 3}
      propertyPath: m_LocalPosition.z
      value: 0
      objectReference: {fileID: 0}
    - target: {fileID: 3357336490868299762, guid: ed4b817e6d19b344eaa25d03f8464791, type: 3}
      propertyPath: m_LocalRotation.w
      value: 1
      objectReference: {fileID: 0}
    - target: {fileID: 3357336490868299762, guid: ed4b817e6d19b344eaa25d03f8464791, type: 3}
      propertyPath: m_LocalRotation.x
      value: -0
      objectReference: {fileID: 0}
    - target: {fileID: 3357336490868299762, guid: ed4b817e6d19b344eaa25d03f8464791, type: 3}
      propertyPath: m_LocalRotation.y
      value: -0
      objectReference: {fileID: 0}
    - target: {fileID: 3357336490868299762, guid: ed4b817e6d19b344eaa25d03f8464791, type: 3}
      propertyPath: m_LocalRotation.z
      value: -0
      objectReference: {fileID: 0}
    - target: {fileID: 3357336490868299762, guid: ed4b817e6d19b344eaa25d03f8464791, type: 3}
      propertyPath: m_LocalEulerAnglesHint.x
      value: 0
      objectReference: {fileID: 0}
    - target: {fileID: 3357336490868299762, guid: ed4b817e6d19b344eaa25d03f8464791, type: 3}
      propertyPath: m_LocalEulerAnglesHint.y
      value: 0
      objectReference: {fileID: 0}
    - target: {fileID: 3357336490868299762, guid: ed4b817e6d19b344eaa25d03f8464791, type: 3}
      propertyPath: m_LocalEulerAnglesHint.z
      value: 0
      objectReference: {fileID: 0}
    - target: {fileID: 6172185205804254467, guid: ed4b817e6d19b344eaa25d03f8464791, type: 3}
      propertyPath: m_Icon
      value: 
      objectReference: {fileID: -964228994112308473, guid: 0000000000000000d000000000000000, type: 0}
    - target: {fileID: 6172185205804254467, guid: ed4b817e6d19b344eaa25d03f8464791, type: 3}
      propertyPath: m_Name
      value: PotionSpawnpoint
      objectReference: {fileID: 0}
    m_RemovedComponents: []
  m_SourcePrefab: {fileID: 100100000, guid: ed4b817e6d19b344eaa25d03f8464791, type: 3}
--- !u!1 &7934263352790259355 stripped
GameObject:
  m_CorrespondingSourceObject: {fileID: 6172185205804254467, guid: ed4b817e6d19b344eaa25d03f8464791, type: 3}
  m_PrefabInstance: {fileID: 4302111671009465240}
  m_PrefabAsset: {fileID: 0}
--- !u!4 &1523215053413516394 stripped
Transform:
  m_CorrespondingSourceObject: {fileID: 3357336490868299762, guid: ed4b817e6d19b344eaa25d03f8464791, type: 3}
  m_PrefabInstance: {fileID: 4302111671009465240}
  m_PrefabAsset: {fileID: 0}
--- !u!1001 &4426067880271354593
PrefabInstance:
  m_ObjectHideFlags: 0
  serializedVersion: 2
  m_Modification:
    m_TransformParent: {fileID: 5665330938218279893}
    m_Modifications:
    - target: {fileID: 3357336490868299762, guid: ed4b817e6d19b344eaa25d03f8464791, type: 3}
      propertyPath: m_RootOrder
      value: 2
      objectReference: {fileID: 0}
    - target: {fileID: 3357336490868299762, guid: ed4b817e6d19b344eaa25d03f8464791, type: 3}
      propertyPath: m_LocalScale.x
      value: 0.4
      objectReference: {fileID: 0}
    - target: {fileID: 3357336490868299762, guid: ed4b817e6d19b344eaa25d03f8464791, type: 3}
      propertyPath: m_LocalScale.y
      value: 0.4
      objectReference: {fileID: 0}
    - target: {fileID: 3357336490868299762, guid: ed4b817e6d19b344eaa25d03f8464791, type: 3}
      propertyPath: m_LocalPosition.x
      value: -0.59
      objectReference: {fileID: 0}
    - target: {fileID: 3357336490868299762, guid: ed4b817e6d19b344eaa25d03f8464791, type: 3}
      propertyPath: m_LocalPosition.y
      value: 0.466
      objectReference: {fileID: 0}
    - target: {fileID: 3357336490868299762, guid: ed4b817e6d19b344eaa25d03f8464791, type: 3}
      propertyPath: m_LocalPosition.z
      value: 0
      objectReference: {fileID: 0}
    - target: {fileID: 3357336490868299762, guid: ed4b817e6d19b344eaa25d03f8464791, type: 3}
      propertyPath: m_LocalRotation.w
      value: 1
      objectReference: {fileID: 0}
    - target: {fileID: 3357336490868299762, guid: ed4b817e6d19b344eaa25d03f8464791, type: 3}
      propertyPath: m_LocalRotation.x
      value: -0
      objectReference: {fileID: 0}
    - target: {fileID: 3357336490868299762, guid: ed4b817e6d19b344eaa25d03f8464791, type: 3}
      propertyPath: m_LocalRotation.y
      value: -0
      objectReference: {fileID: 0}
    - target: {fileID: 3357336490868299762, guid: ed4b817e6d19b344eaa25d03f8464791, type: 3}
      propertyPath: m_LocalRotation.z
      value: -0
      objectReference: {fileID: 0}
    - target: {fileID: 3357336490868299762, guid: ed4b817e6d19b344eaa25d03f8464791, type: 3}
      propertyPath: m_LocalEulerAnglesHint.x
      value: 0
      objectReference: {fileID: 0}
    - target: {fileID: 3357336490868299762, guid: ed4b817e6d19b344eaa25d03f8464791, type: 3}
      propertyPath: m_LocalEulerAnglesHint.y
      value: 0
      objectReference: {fileID: 0}
    - target: {fileID: 3357336490868299762, guid: ed4b817e6d19b344eaa25d03f8464791, type: 3}
      propertyPath: m_LocalEulerAnglesHint.z
      value: 0
      objectReference: {fileID: 0}
    - target: {fileID: 6172185205804254467, guid: ed4b817e6d19b344eaa25d03f8464791, type: 3}
      propertyPath: m_Icon
      value: 
      objectReference: {fileID: -964228994112308473, guid: 0000000000000000d000000000000000, type: 0}
    - target: {fileID: 6172185205804254467, guid: ed4b817e6d19b344eaa25d03f8464791, type: 3}
      propertyPath: m_Name
      value: PotionSpawnpoint (1)
      objectReference: {fileID: 0}
    m_RemovedComponents: []
  m_SourcePrefab: {fileID: 100100000, guid: ed4b817e6d19b344eaa25d03f8464791, type: 3}
--- !u!1 &7549313869419995106 stripped
GameObject:
  m_CorrespondingSourceObject: {fileID: 6172185205804254467, guid: ed4b817e6d19b344eaa25d03f8464791, type: 3}
  m_PrefabInstance: {fileID: 4426067880271354593}
  m_PrefabAsset: {fileID: 0}
--- !u!4 &1439791275032071443 stripped
Transform:
  m_CorrespondingSourceObject: {fileID: 3357336490868299762, guid: ed4b817e6d19b344eaa25d03f8464791, type: 3}
  m_PrefabInstance: {fileID: 4426067880271354593}
  m_PrefabAsset: {fileID: 0}
--- !u!1001 &8190020659726331534
PrefabInstance:
  m_ObjectHideFlags: 0
  serializedVersion: 2
  m_Modification:
    m_TransformParent: {fileID: 5665330938218279893}
    m_Modifications:
    - target: {fileID: 3357336490868299762, guid: ed4b817e6d19b344eaa25d03f8464791, type: 3}
      propertyPath: m_RootOrder
      value: 4
      objectReference: {fileID: 0}
    - target: {fileID: 3357336490868299762, guid: ed4b817e6d19b344eaa25d03f8464791, type: 3}
      propertyPath: m_LocalScale.x
      value: 0.4
      objectReference: {fileID: 0}
    - target: {fileID: 3357336490868299762, guid: ed4b817e6d19b344eaa25d03f8464791, type: 3}
      propertyPath: m_LocalScale.y
      value: 0.4
      objectReference: {fileID: 0}
    - target: {fileID: 3357336490868299762, guid: ed4b817e6d19b344eaa25d03f8464791, type: 3}
      propertyPath: m_LocalPosition.x
      value: 0.177
      objectReference: {fileID: 0}
    - target: {fileID: 3357336490868299762, guid: ed4b817e6d19b344eaa25d03f8464791, type: 3}
      propertyPath: m_LocalPosition.y
      value: -0.774
      objectReference: {fileID: 0}
    - target: {fileID: 3357336490868299762, guid: ed4b817e6d19b344eaa25d03f8464791, type: 3}
      propertyPath: m_LocalPosition.z
      value: 0
      objectReference: {fileID: 0}
    - target: {fileID: 3357336490868299762, guid: ed4b817e6d19b344eaa25d03f8464791, type: 3}
      propertyPath: m_LocalRotation.w
      value: 1
      objectReference: {fileID: 0}
    - target: {fileID: 3357336490868299762, guid: ed4b817e6d19b344eaa25d03f8464791, type: 3}
      propertyPath: m_LocalRotation.x
      value: -0
      objectReference: {fileID: 0}
    - target: {fileID: 3357336490868299762, guid: ed4b817e6d19b344eaa25d03f8464791, type: 3}
      propertyPath: m_LocalRotation.y
      value: -0
      objectReference: {fileID: 0}
    - target: {fileID: 3357336490868299762, guid: ed4b817e6d19b344eaa25d03f8464791, type: 3}
      propertyPath: m_LocalRotation.z
      value: -0
      objectReference: {fileID: 0}
    - target: {fileID: 3357336490868299762, guid: ed4b817e6d19b344eaa25d03f8464791, type: 3}
      propertyPath: m_LocalEulerAnglesHint.x
      value: 0
      objectReference: {fileID: 0}
    - target: {fileID: 3357336490868299762, guid: ed4b817e6d19b344eaa25d03f8464791, type: 3}
      propertyPath: m_LocalEulerAnglesHint.y
      value: 0
      objectReference: {fileID: 0}
    - target: {fileID: 3357336490868299762, guid: ed4b817e6d19b344eaa25d03f8464791, type: 3}
      propertyPath: m_LocalEulerAnglesHint.z
      value: 0
      objectReference: {fileID: 0}
    - target: {fileID: 6172185205804254467, guid: ed4b817e6d19b344eaa25d03f8464791, type: 3}
      propertyPath: m_Icon
      value: 
      objectReference: {fileID: -964228994112308473, guid: 0000000000000000d000000000000000, type: 0}
    - target: {fileID: 6172185205804254467, guid: ed4b817e6d19b344eaa25d03f8464791, type: 3}
      propertyPath: m_Name
      value: PotionSpawnpoint (3)
      objectReference: {fileID: 0}
    m_RemovedComponents: []
  m_SourcePrefab: {fileID: 100100000, guid: ed4b817e6d19b344eaa25d03f8464791, type: 3}
--- !u!1 &2594299728161893261 stripped
GameObject:
  m_CorrespondingSourceObject: {fileID: 6172185205804254467, guid: ed4b817e6d19b344eaa25d03f8464791, type: 3}
  m_PrefabInstance: {fileID: 8190020659726331534}
  m_PrefabAsset: {fileID: 0}
--- !u!4 &6863322716228843900 stripped
Transform:
  m_CorrespondingSourceObject: {fileID: 3357336490868299762, guid: ed4b817e6d19b344eaa25d03f8464791, type: 3}
  m_PrefabInstance: {fileID: 8190020659726331534}
  m_PrefabAsset: {fileID: 0}
